@article{Sage:2006,
  title={Understanding Digital Games},
  author={Jason Rutter and Jo Bryce},
  journal={SAGE Publications Ltd},
  year={2006}
},

@article{Kinephanos:2015,
  title={Cultural History of Video Games Special Issue,},
  author={Devin Monnens, Martin Goldberg},
  journal={Kinephanos},
  year={2015}
}